@article{nelder,
	title        = {Convergence Properties of the Nelder--Mead Simplex Method in Low Dimensions},
	author       = {Lagarias, Jeffrey C. and Reeds, James A. and Wright, Margaret H. and Wright, Paul E.},
	year         = 1998,
	journal      = {SIAM Journal on Optimization},
	volume       = 9,
	number       = 1,
	pages        = {112--147},
	doi          = {10.1137/S1052623496303470},
	url          = {https://doi.org/10.1137/S1052623496303470},
	eprint       = {https://doi.org/10.1137/S1052623496303470},
	abstract     = {The Nelder--Mead simplex algorithm, first published in 1965, is an enormously popular direct search method for multidimensional unconstrained minimization. Despite its widespread use, essentially no theoretical results have been proved explicitly for the Nelder--Mead algorithm. This paper presents convergence properties of the Nelder--Mead algorithm applied to strictly convex functions in dimensions 1 and 2. We prove convergence to a minimizer for dimension 1, and various limited convergence results for dimension 2. A counterexample of McKinnon gives a family of strictly convex functions in two dimensions and a set of initial conditions for which the Nelder--Mead algorithm converges to a nonminimizer. It is not yet known whether the Nelder--Mead method can be proved to converge to a minimizer for a more specialized class of convex functions in two dimensions.}
}
@article{eu,
	title        = {Interpola{\c{c}}{\~a}o Polinomial em $\mathbb{R}^3$},
	author       = {Sobral, F.  e Guizardi,J{\Ãº}lia},
	year         = 2020,
	journal      = {Relatvel em <https://zenodo.org/record/5729879$\#$.YaDoNHvMIeQ>}
}
@article{vieira,
	title        = {Transi{\c{c}}{\~a}o interna do c{\'a}lculo em uma vari{\'a}vel para o c{\'a}lculo a v{\'a}rias vari{\'a}veis: uma an{\'a}lise de livros},
	author       = {Vieira, Francisco Regis and Neto, Herminio Borges},
	year         = 2011,
	journal      = {Educa{\c{c}}{\~a}o Matem{\'a}tica Pesquisa: Revista do Programa de Estudos P{\'o}s-Graduados em Educa{\c{c}}{\~a}o Matem{\'a}tica},
	volume       = 13,
	number       = 3,
	pages        = {597--626}
}
@book{concise,
	title        = {Concise numerical mathematics},
	author       = {Shimakawa, Karen and Plato, Robert},
	year         = 2003,
	publisher    = {American Mathematical Soc.},
	number       = 57
}
@book{stewart1,
	title        = {C{\'a}lculo},
	author       = {Stewart, James and Romo, Jorge Humberto},
	year         = 2006,
	publisher    = {Pioneira Thomson Learning}
}
@book{vainsencher,
	title        = {Introdu{\c{c}}{\~a}o {\`a}s curvas alg{\'e}bricas planas},
	author       = {Vainsencher, Israel},
	year         = 1996,
	publisher    = {Instituto de Matem{\'a}tica Pura e Aplicada}
}
@book{ruggiero,
	title        = {C{\'a}lculo num{\'e}rico: aspectos te{\'o}ricos e computacionais},
	author       = {Ruggiero, M{\'a}rcia A Gomes and Lopes, Vera L{\'u}cia da Rocha},
	year         = 1997,
	publisher    = {Makron Books do Brasil}
}
@article{boulos,
	title        = {Geometria anal{\'\i}tica},
	author       = {Boulos, Paulo and de Camargo, Ivan},
	year         = 1987,
	journal      = {CEP},
	volume       = 4533,
	pages        = {004}
}
@article{bacteria,
	title        = {Biofilm formation on stainless steel as a function of time and temperature and control through sanitizers},
	author       = {de Castro, Marc{\'Y}lia Rosado and da Silva Fernandes, Meg and Kabuki, Dirce Yorika and Kuaye, Arnaldo Yoshiteru},
	year         = 2017,
	journal      = {International dairy journal},
	publisher    = {Elsevier},
	volume       = 68,
	pages        = {9--16}
}
@article{sauer,
	title        = {On multivariate Lagrange interpolation},
	author       = {Sauer, Thomas and Xu, Yuan},
	year         = 1995,
	journal      = {Mathematics of computation},
	volume       = 64,
	number       = 211
}
@book{anton,
	title        = {{\'A}lgebra linear com aplica{\c{c}}{\~o}es},
	author       = {Anton, Howard and Rorres, Chris},
	year         = 2001,
	publisher    = {Bookman Porto Alegre},
	volume       = 8
}
@article{garbow,
	title        = {Testing unconstrained optimization software},
	author       = {Mor{\'e}, Jorge J and Garbow, Burton S and Hillstrom, Kenneth E},
	year         = 1981,
	journal      = {ACM Transactions on Mathematical Software (TOMS)},
	publisher    = {ACM New York, NY, USA},
	volume       = 7,
	number       = 1,
	pages        = {17--41}
}
@article{aes,
	title        = {O m{\'e}todo de Levenberg-Marquardt para problemas de otimiza{\c{c}}{\~a}o de menor valor ordenado},
	author       = {Schwertner, Anderson Ervino},
	year         = 2019
}
@inproceedings{kab,
	title        = {O M{\'e}todo de Levenberg-Marquardt para o problema de Quadrados M{\'\i}nimos n{\~a}o Linear},
	author       = {Benatti, Kl{\'e}ber Aderaldo},
	year         = 2017,
	booktitle    = {II Simp{\'o}sio de M{\'e}todos Num{\'e}ricos em Engenharia}
}
@book{friedlander1994elementos,
	title        = {Elementos de programa{\c{c}}{\~a}o n{\~a}o-linear},
	author       = {Friedlander, Ana},
	year         = 1994,
	publisher    = {Editora da UNICAMP}
}
@inproceedings{benatti2017,
	title        = {O M{\'e}todo de Levenberg-Marquardt para o problema de Quadrados M{\'\i}nimos n{\~a}o Linear},
	author       = {Benatti, Kl{\'e}ber Aderaldo},
	year         = 2017,
	booktitle    = {II Simp{\'o}sio de M{\'e}todos Num{\'e}ricos em Engenharia}
}
@article{fan2001,
	title        = {On the convergence of a new Levenberg-Marquardt method},
	author       = {Fan, JY and Yuan, YX},
	year         = 2001,
	journal      = {Thechnical Report, AMSS, Chinese Academy of Sciences},
	publisher    = {Citeseer}
}
@article{levenberg1944,
	title        = {A method for the solution of certain non-linear problems in least squares},
	author       = {Levenberg, Kenneth},
	year         = 1944,
	journal      = {Quarterly of applied mathematics}
}
@incollection{yamashita2001,
	title        = {On the rate of convergence of the Levenberg-Marquardt method},
	author       = {Yamashita, Nobuo and Fukushima, Masao},
	year         = 2001,
	booktitle    = {Topics in numerical analysis},
	publisher    = {Springer}
}